@book{CHLI_1_1,
    title = {Corpus of Hieroglyphic Luwian Inscriptions. Volume I: Inscriptions
             of the Iron Age. Part 1: Text. Introduction, Karatepe, Karkamiš,
             Tell Ahmar, Maraş, Malatya, Commagene},
    author = {John David Hawkins},
    year = 2000,
    publisher = {Walter de Gruyter},
    address = {Berlin},
    language = {en},
}
@book{CHLI_1_2,
    title = {Corpus of Hieroglyphic Luwian Inscriptions. Volume I: Inscriptions
             of the Iron Age. Part 2: Text. Amuq, Aleppo, Hama, Tabal, Assur
             Letters, Miscellaneous, Seals, Indices},
    author = {John David Hawkins},
    year = 2000,
    publisher = {Walter de Gruyter},
    address = {Berlin},
    language = {en},
}
@book{CHLI_1_3,
    title = {Corpus of Hieroglyphic Luwian Inscriptions. Volume I: Inscriptions
             of the Iron Age. Part 3: Plates},
    author = {John David Hawkins},
    year = 2000,
    publisher = {Walter de Gruyter},
    address = {Berlin},
    language = {en},
}
@book{CHLI_2,
    title = {{{{Corpus of Hieroglyphic Luwian Inscriptions}}}. Volume II:
             Karatepe\hyphen{}Aslantaş The Inscriptions: Facsimile Edition},
    author = {Halet Çambel},
    year = 1999,
    publisher = {Walter de Gruyter},
    address = {Berlin},
    language = {en},
}
@book{CHLI_3,
    title = {Corpus of Hieroglyphic Luwian Inscriptions. Volume III:
             Inscriptions of the Hittite Empire and New Inscriptions of the Iron
             Age},
    author = {John David Hawkins},
    year = 2024,
    publisher = {Walter de Gruyter},
    address = {Berlin},
    language = {en},
}
@book{Bauer2013,
    author = {Anna H. Bauer},
    title = {Morphosyntax of the Noun Phrase in Hieroglyphic Luwian},
    year = 2013,
    publisher = {Brill},
    address = {Leiden},
    language = {en},
}
@book{Yakubovich2010,
    author = {Ilya Yakubovich},
    title = {Sociolinguistics of the Luwian Language},
    year = 2010,
    publisher = {Brill},
    address = {Leiden},
    language = {en},
}
@book{Melchert2003,
    editor = {H. Craig Melchert},
    title = {The Luwians},
    year = 2003,
    publisher = {Brill},
    address = {Leiden},
    series = {Handbook of Oriental Studies. Section 1: The Near and Middle East},
    language = {en},
}
@book{Mouton2013,
    editor = {Alice Mouton and Ian Rutherford and Ilya Yakubovich},
    title = {Luwian Identities},
    year = 2013,
    publisher = {Brill},
    address = {Leiden},
    series = {Culture and History of Ancient Near East},
    number = 64,
    language = {en},
}
@book{Velhartická2016,
    editor = {Šárka Velhartická},
    title = {Audias fabulas veteres. Anatolian Studies in Honor of Jana
             Součková-Siegelová},
    year = 2016,
    publisher = {Brill},
    address = {Leiden},
    series = {Culture and History of Ancient Near East},
    number = 79,
    language = {en},
}
@book{Payne2010,
    title = {Hieroglyphic Luwian: An Introduction with Original Texts. 2nd
             revised edition.},
    author = {Annick Payne},
    year = 2010,
    publisher = {Harrassowitz Verlag},
    address = {Wiesbaden},
    language = {en},
}
@book{Payne2012,
    title = {{Iron Age Hieroglyphic Luwian Inscriptions.}},
    author = {Annick Payne},
    year = 2012,
    publisher = {Society of Biblical Literature},
    address = {Atlanta},
    language = {de},
}
@book{Hoffner2008,
    author = {Hoffner Jr., Harry A. and Melchert, H. Craig},
    year = 2008,
    address = {Winona Lake, Indiana},
    publisher = {Eisenbrauns},
    title = {A Grammar of the Hittite Language},
    series = {Languages of The Ancient Near East},
    language = {en},
}
@book{Melchert1993,
    author = {H. Craig Melchert},
    year = 1993,
    title = {Cuneiform Luvian Lexicon},
    series = {Lexica Anatolica},
    number = 2,
    address = {Chapel Hill, N.C.},
    language = {en},
}
@book{Starke1985,
    author = {Frank Starke},
    title = {Die keilschrift-luwischen Texte in Umschrift},
    year = 1985,
    address = {Wiesbaden},
    publisher = {Otto Harrassowitz},
    series = {Studien zu den Boğazköy-Texten},
    shortseries = {StuBoT},
    number = {30},
    language = {de},
}
@book{Starke1990,
    author = {Frank Starke},
    title = {Untersuchung zut Stammbildung des keilschrift-luwischen Nomens},
    year = 1990,
    address = {Wiesbaden},
    publisher = {Otto Harrassowitz},
    series = {Studien zu den Boğazköy-Texten},
    shortseries = {StuBoT},
    number = {31},
    language = {de},
}
@book{Adiego2019,
    editor = {Ignasi-Xavier Adiego and José Virgilio García Trabazo and Mariona
              Vernet and Bartolomeu Obrador-Cursach and Elena Martínez Rodríguez},
    year = 2019,
    title = {Luwic dialects and Anatolian: Inheritance and diffusion},
    publisher = {Universitat de Barcelona Edictions},
    address = {Barcelona},
    series = {Series Anatolica et Indogermanica},
    number = {1},
    language = {en},
}
@book{HawkinsMorpurgoNeumann1974,
    author = {John David Hawkins and Anna Morpurgo-Davies and Günter Neumann},
    year = 1974,
    title = {Hittite Hieroglyphs and Luwian: New Evidence for the Connection},
    series = {Nachrichten der Akademie der Wissenschaften in Göttingen
              (Philologisch-historische Klasse)},
    number = 6,
    publisher = {Vandenhoeck \& Ruprecht},
    address = {Göttingen},
}
